@InProceedings{lukins2008,
  author =       {Stacy K. Lukins, Nicholas A. Kraft, Letha H. Etzkorn},
  title =        {Source Code Retrieval for Bug Localization using Latent Dirichlet Allocation},
  OPTcrossref =  {},
  OPTkey =       {},
  booktitle = {15th Working Conference on Reverse Engineering},
  OPTpages =     {},
  year =      {2008},
  OPTeditor =    {},
  OPTvolume =    {},
  OPTnumber =    {},
  OPTseries =    {},
  OPTaddress =   {},
  OPTmonth =     {},
  OPTorganization = {},
  OPTpublisher = {},
  OPTnote =      {},
  OPTannote =    {}
}

@InProceedings{lukins2008-short,
  author =       {Stacy K. Lukins, Nicholas A. Kraft, Letha H. Etzkorn},
  title =        {Source Code Retrieval for Bug Localization using Latent Dirichlet Allocation},
  booktitle = {WCRE},
  year =      {2008},
 }



@ARTICLE{1421013,
title={Static techniques for concept location in object-oriented code},
author={Marcus, A. and Rajlich, V. and Buchta, J. and Petrenko, M. and Sergeyev, A.},
journal={Program Comprehension, 2005. IWPC 2005. Proceedings. 13th International Workshop on},
year={2005},
month={May},
volume={},
number={},
pages={ 33-42},
keywords={ information retrieval, object-oriented programming, program diagnostics, software maintenance, software prototyping information retrieval, object-oriented code maintenance, object-oriented structuring, regular expression matching, software system, source code, static concept location techniques, static program dependencies},
doi={10.1109/WPC.2005.33},
ISSN={1092-8138 }, }

@ARTICLE{1374321,
title={An information retrieval approach to concept location in source code},
author={Marcus, A. and Sergeyev, A. and Rajlich, V. and Maletic, J.I.},
journal={Reverse Engineering, 2004. Proceedings. 11th Working Conference on},
year={2004},
month={Nov.},
volume={},
number={},
pages={ 214-223},
keywords={ indexing, information retrieval, reverse engineering, software maintenance Latent Semantic Indexing, NCSA Mosaic, concept location, concept map, incremental change, information retrieval, natural language, reverse engineering, software engineering, software evolution, software maintenance, source code},
doi={10.1109/WCRE.2004.10},
ISSN={1095-1350 }, }


@inproceedings{1374321-short,
title={An information retrieval approach to concept location in source code},
author={Marcus, A. and Sergeyev, A. and Rajlich, V. and Maletic, J.I.},
journal={WCRE},
year={2004},
}
 	
@article{ 10.1109/ICPC.2007.13,
author = {Denys Poshyvanyk and Andrian Marcus},
title = {Combining Formal Concept Analysis with Information Retrieval for Concept Location in Source Code},
journal ={International Conference on Program Comprehension},
volume = {0},
year = {2007},
issn = {1063-6897},
pages = {37-48},
doi = {http://doi.ieeecomputersociety.org/10.1109/ICPC.2007.13},
publisher = {IEEE Computer Society},
address = {Los Alamitos, CA, USA},
}


@inProceedings{ 10.1109/ICPC.2007.13-short,
author = {Denys Poshyvanyk and Andrian Marcus},
title = {Combining Formal Concept Analysis with Information Retrieval for Concept Location in Source Code},
journal ={ICPC},
year = {2007},
}



@article{ 10.1109/ICPC.2006.17,
author = {Denys Poshyvanyk and Andrian Marcus and Vaclav Rajlich and Yann-Ga\"{e}l Gu\'{e}h\'{e}neuc and Giuliano Antoniol},
title = {Combining Probabilistic Ranking and Latent Semantic Indexing for Feature Identification},
journal ={International Conference on Program Comprehension},
volume = {0},
year = {2006},
isbn = {},
pages = {137-148},
doi = {http://doi.ieeecomputersociety.org/10.1109/ICPC.2006.17},
publisher = {IEEE Computer Society},
address = {Los Alamitos, CA, USA},
}

@ARTICLE{1698774,
title={A Linguistic Analysis of How People Describe Software Problems},
author={ Ko, A.J. and Myers, B.A. and Duen Horng Chau},
journal={Visual Languages and Human-Centric Computing, 2006. VL/HCC 2006. IEEE Symposium on},
year={2006},
month={Sept.},
volume={},
number={},
pages={ 127-134},
doi={10.1109/VLHCC.2006.3},
ISSN={}, }

@inproceedings{1698774-short,
title={A Linguistic Analysis of How People Describe Software Problems},
author={ Ko, A.J. and Myers, B.A. and Duen Horng Chau},
journal={VL/HCC},
year={2006},
}


@ARTICLE{1566153,
title={Enriching reverse engineering with semantic clustering},
author={Kuhn, A. and Ducasse, S. and Girba, T.},
journal={Reverse Engineering, 12th Working Conference on},
year={2005},
month={Nov.},
volume={},
number={},
pages={ 10 pp.-},
keywords={ formal specification, indexing, information retrieval, program diagnostics, programming language semantics, reverse engineering, structured programming artifacts clustering, information retrieval, latent semantic indexing, reverse engineering, semantic clustering, software system, source code semantic, system structure},
doi={10.1109/WCRE.2005.16},
ISSN={1095-1350 }, }


@inproceedings{1566153-short,
title={Enriching reverse engineering with semantic clustering},
author={Kuhn, A. and Ducasse, S. and Girba, T.},
journal={WCRE},
year={2005},
}


@inproceedings{1321709,
 author = {Erik Linstead and Paul Rigor and Sushil Bajracharya and Cristina Lopes and Pierre Baldi},
 title = {Mining concepts from code with probabilistic topic models},
 booktitle = {ASE '07: Proceedings of the twenty-second IEEE/ACM international conference on Automated software engineering},
 year = {2007},
 isbn = {978-1-59593-882-4},
 pages = {461--464},
 location = {Atlanta, Georgia, USA},
 doi = {http://doi.acm.org/10.1145/1321631.1321709},
 publisher = {ACM},
 address = {New York, NY, USA},
 }

@inproceedings{1321709-short,
 author = {Erik Linstead and Paul Rigor and Sushil Bajracharya and Cristina Lopes and Pierre Baldi},
 title = {Mining concepts from code with probabilistic topic models},
 booktitle = {ASE '07},
 year = {2007},
 publisher = {ACM},
 }


@article{ 10.1109/MSR.2007.20,
author = {Erik Linstead and Paul Rigor and Sushil Bajracharya and Cristina Lopes and Pierre Baldi},
title = {Mining Eclipse Developer Contributions via Author-Topic Models},
journal ={Mining Software Repositories, International Workshop on},
volume = {0},
year = {2007},
isbn = {},
pages = {30},
doi = {http://doi.ieeecomputersociety.org/10.1109/MSR.2007.20},
publisher = {IEEE Computer Society},
address = {Los Alamitos, CA, USA},
}

@inproceedings{ 10.1109/MSR.2007.20-short,
author = {Erik Linstead and Paul Rigor and Sushil Bajracharya and Cristina Lopes and Pierre Baldi},
title = {Mining Eclipse Developer Contributions via Author-Topic Models},
journal ={MSR},
year = {2007},
}



@article{944937,
 author = {David M. Blei and Andrew Y. Ng and Michael I. Jordan},
 title = {Latent dirichlet allocation},
 journal = {J. Mach. Learn. Res.},
 volume = {3},
 year = {2003},
 issn = {1533-7928},
 pages = {993--1022},
 publisher = {MIT Press},
 address = {Cambridge, MA, USA},
 }
@inproceedings{1141693,
 author = {Gerardo Canfora and Luigi Cerulo},
 title = {Supporting change request assignment in open source development},
 booktitle = {SAC '06: Proceedings of the 2006 ACM symposium on Applied computing},
 year = {2006},
 isbn = {1-59593-108-2},
 pages = {1767--1772},
 location = {Dijon, France},
 doi = {http://doi.acm.org/10.1145/1141277.1141693},
 publisher = {ACM},
 address = {New York, NY, USA},
 }
@inproceedings{775141,
 author = {Secil Ugurel and Robert Krovetz and C. Lee Giles},
 title = {What's the code?: automatic classification of source code archives},
 booktitle = {KDD '02: Proceedings of the eighth ACM SIGKDD international conference on Knowledge discovery and data mining},
 year = {2002},
 isbn = {1-58113-567-X},
 pages = {632--638},
 location = {Edmonton, Alberta, Canada},
 doi = {http://doi.acm.org/10.1145/775047.775141},
 publisher = {ACM},
 address = {New York, NY, USA},
 }
@incollection{NIPS2007637,
title = {Mining Internet-Scale Software Repositories},
author = {Erik Linstead and Paul Rigor and Sushil Bajracharya and Cristina Lopes and Pierre Baldi},
booktitle = {Advances in Neural Information Processing Systems 20},
editor = {J.C. Platt and D. Koller and Y. Singer and S. Roweis},
publisher = {MIT Press},
address = {Cambridge, MA},
year = {2008}
}


@InProceedings{scottcordy,
  author =       {Scott Grant and James R. Cordy and David Skillicorn},
  title =        {Automated Concept Location Using  Independent Component Analysis},
  OPTcrossref =  {},
  OPTkey =       {},
  booktitle = {15th Working Conference on Reverse Engineering},
  OPTpages =     {},
  year =      {2008},
  OPTeditor =    {},
  OPTvolume =    {},
  OPTnumber =    {},
  OPTseries =    {},
  OPTaddress =   {},
  OPTmonth =     {},
  OPTorganization = {},
  OPTpublisher = {},
  OPTnote =      {},
  OPTannote =    {}
}
@InProceedings{scottcordy-short,
  author =       {Scott Grant and James R. Cordy and David Skillicorn},
  title =        {Automated Concept Location Using  Independent Component Analysis},
  booktitle = {WCRE},
  year =      {2008},
}


@Article{delac,
  author =       {Kresimir Delac and Mislav Grgic and Sonja Grgic},
  title =        {Independent comparative study of {PCA}, {ICA}, and {LDA} on the {FERET} data set},
  journal =      {International Journal of Imaging Systems and Technology},
  year =         {2006},
  OPTkey =       {},
  volume =    {15},
  number =    {5},
  pages =     {252-260},
  OPTmonth =     {},
  OPTnote =      {
AU: Kresimir Delac, Mislav Grgic, Sonja Grgic
TI: Independent comparative study of PCA, ICA, and LDA on the FERET data set
SO: International Journal of Imaging Systems and Technology
VL: 15
NO: 5
PG: 252-260
YR: 2005
CP: Copyright Â© 2006 Wiley Periodicals, Inc.
ON: 1098-1098
PN: 0899-9457
AD: University of Zagreb, FER, Unska 3/XII, Zagreb, Croatia
DOI: 10.1002/ima.20059
US: http://dx.doi.org/10.1002/ima.20059
}
}


@Article{delac-short,
  author =       {Kresimir Delac and Mislav Grgic and Sonja Grgic},
  title =        {Independent comparative study of {PCA}, {ICA}, and {LDA} on the {FERET} data set},
  journal =      {IJIST},
  year =         {2006},
  volume =    {15},
  number =    {5},
  pages =     {252-260},
}



@Article{delacshort,
  author =       {Kresimir Delac and Mislav Grgic and Sonja Grgic},
  title =        {Independent comparative study of {PCA}, {ICA}, and {LDA} on the {FERET} data set},
  journal =      {International Journal of Imaging Systems and Technology},
  year =         {2006},
  OPTkey =       {},
  volume =    {15},
  number =    {5},
  OPTmonth =     {},
  OPTnote =      {
AU: Kresimir Delac, Mislav Grgic, Sonja Grgic
TI: Independent comparative study of PCA, ICA, and LDA on the FERET data set
SO: International Journal of Imaging Systems and Technology
VL: 15
NO: 5
PG: 252-260
YR: 2005
CP: Copyright Â© 2006 Wiley Periodicals, Inc.
ON: 1098-1098
PN: 0899-9457
AD: University of Zagreb, FER, Unska 3/XII, Zagreb, Croatia
DOI: 10.1002/ima.20059
US: http://dx.doi.org/10.1002/ima.20059
}
}



@inproceedings{1036902,
 author = {Michal Rosen-Zvi and Thomas Griffiths and Mark Steyvers and Padhraic Smyth},
 title = {The author-topic model for authors and documents},
 booktitle = {AUAI '04: Proceedings of the 20th conference on Uncertainty in artificial intelligence},
 year = {2004},
 isbn = {0-9749039-0-6},
 pages = {487--494},
 location = {Banff, Canada},
 publisher = {AUAI Press},
 address = {Arlington, Virginia, United States},
 }

@inproceedings{1036902,
 author = {Michal Rosen-Zvi and Thomas Griffiths and Mark Steyvers and Padhraic Smyth},
 title = {The author-topic model for authors and documents},
 booktitle = {AUAI '04: Proceedings of the 20th conference on Uncertainty in artificial intelligence},
 year = {2004},
 isbn = {0-9749039-0-6},
 pages = {487--494},
 location = {Banff, Canada},
 publisher = {AUAI Press},
 address = {Arlington, Virginia, United States},
 }



@Misc{rsync,
  author =    {Andrew Tridgell and Paul Mackerras and Wayne Davison},
  title =     {Rsync},
  howpublished = {http://www.samba.org/rsync/},
}
@Misc{cvssuck,
  title = {CVSsuck - inefficient {CVS} repository grabber},
  author = {Tanaka Akira},
  howpublished={http://cvs.m17n.org/~akr/cvssuck/},
}

@InProceedings{dmgseke2004,
    booktitle = "Proceedings SEKE 2004 The 16th Internation Conference on Software
    Engineering and Knowledge Engineering",
    year      = "2004",
    author    = "Daniel M. German and Abram Hindle and Norman Jordan",
    title     = "Visualizing the evolution of software using softChange",
    month     = "June",
    pages     = "336-341",
    publisher = "Knowledge Systems Institute",
    address   = "3420 Main St. Skokie IL 60076, USA",
    keywords  = "software evolution; visualization; softChange; SVG",
    dmgnote     = "38\% acceptance rate",
}
@InProceedings{dmgseke2004short,
    booktitle = "SEKE",
    year      = "2004",
    author    = "Daniel M. German and Abram Hindle and Norman Jordan",
    title     = "Visualizing the evolution of software using softChange",
}

@InProceedings{methodology,
  author = 	 {Abram Hindle and  Michael Godfrey and Ric Holt},
  title = 	 "{Release Pattern Discovery via Partitioning: Methodology and Case Study}",
  year   =       {2007},
  booktitle =	"Proceedings of the Mining Software Repositories 2007",
  publisher =	"IEEE Computer Society Press",
  month =	May,
  year = 2007
}
@InProceedings{methodology-short,
  author = 	 {Abram Hindle and  Michael Godfrey and Ric Holt},
  title = 	 "{Release Pattern Discovery via Partitioning: Methodology and Case Study}",
  booktitle =	"MSR",
  year = 2007
}


